@article{moritz2015sparknet,
  title={SparkNet: Training Deep Networks in Spark},
  author={Moritz, Philipp and Nishihara, Robert and Stoica, Ion and Jordan, Michael I},
  journal={arXiv preprint arXiv:1511.06051},
  year={2015}
}

@misc{wiki:rest,
   author = "Wikipedia",
   title = "Representational state transfer --- Wikipedia{,} The Free Encyclopedia",
   year = "2016",
   url = "https://en.wikipedia.org/w/index.php?title=Representational_state_transfer",
   note = "[Online; accessed 6-April-2016]"
}

@misc{celery,
  title={Celery: Distributed Task Queue},
  author={Solem, Ask},
  year={2014},
  url="http://www.celeryproject.org/"
}

@article{nistcloud,
  title={The NIST definition of cloud computing},
  author={Mell, Peter and Grance, Tim},
  year={2011},
  publisher={Computer Security Division, Information Technology Laboratory, National Institute of Standards and Technology Gaithersburg}
}

@inproceedings{lowe1999object,
  title={Object recognition from local scale-invariant features},
  author={Lowe, David G},
  booktitle={Computer vision, 1999. The proceedings of the seventh IEEE international conference on},
  volume={2},
  pages={1150--1157},
  year={1999},
  organization={Ieee}
}

@article{juan2009comparison,
  title={A comparison of sift, pca-sift and surf},
  author={Juan, Luo and Gwun, Oubong},
  journal={International Journal of Image Processing (IJIP)},
  volume={3},
  number={4},
  pages={143--152},
  year={2009}
}

@article{lowe2004distinctive,
  title={Distinctive image features from scale-invariant keypoints},
  author={Lowe, David G},
  journal={International journal of computer vision},
  volume={60},
  number={2},
  pages={91--110},
  year={2004},
  publisher={Springer}
}

@article{mikolajczyk2005performance,
  title={A performance evaluation of local descriptors},
  author={Mikolajczyk, Krystian and Schmid, Cordelia},
  journal={Pattern Analysis and Machine Intelligence, IEEE Transactions on},
  volume={27},
  number={10},
  pages={1615--1630},
  year={2005},
  publisher={IEEE}
}



@misc{aishack:sift-orientation,
  title = {SIFT: Keypoint orientations},
  howpublished = {\url{http://aishack.in/tutorials/sift-scale-invariant-feature-transform-keypoint-orientation/}},
  note = {Accessed: 2016-04-02}
}

@inproceedings{ke2004pca,
  title={PCA-SIFT: A more distinctive representation for local image descriptors},
  author={Ke, Yan and Sukthankar, Rahul},
  booktitle={Computer Vision and Pattern Recognition, 2004. CVPR 2004. Proceedings of the 2004 IEEE Computer Society Conference on},
  volume={2},
  pages={II--506},
  year={2004},
  organization={IEEE}
}

@incollection{fast2006machine,
  title={Machine learning for high-speed corner detection},
  author={Rosten, Edward and Drummond, Tom},
  booktitle={Computer Vision--ECCV 2006},
  pages={430--443},
  year={2006},
  publisher={Springer}
}

@incollection{bay2006surf,
  title={Surf: Speeded up robust features},
  author={Bay, Herbert and Tuytelaars, Tinne and Van Gool, Luc},
  booktitle={Computer vision--ECCV 2006},
  pages={404--417},
  year={2006},
  publisher={Springer}
}

@inproceedings{rublee2011orb,
  title={ORB: an efficient alternative to SIFT or SURF},
  author={Rublee, Ethan and Rabaud, Vincent and Konolige, Kurt and Bradski, Gary},
  booktitle={Computer Vision (ICCV), 2011 IEEE International Conference on},
  pages={2564--2571},
  year={2011},
  organization={IEEE}
}

@article{calonder2010brief,
  title={Brief: Binary robust independent elementary features},
  author={Calonder, Michael and Lepetit, Vincent and Strecha, Christoph and Fua, Pascal},
  journal={Computer Vision--ECCV 2010},
  pages={778--792},
  year={2010},
  publisher={Springer}
}

@article{calonder2012brief,
  title={BRIEF: Computing a local binary descriptor very fast},
  author={Calonder, Michael and Lepetit, Vincent and Ozuysal, Mustafa and Trzcinski, Tomasz and Strecha, Christoph and Fua, Pascal},
  journal={Pattern Analysis and Machine Intelligence, IEEE Transactions on},
  volume={34},
  number={7},
  pages={1281--1298},
  year={2012},
  publisher={IEEE}
}

@inproceedings{dalal2005histograms,
  title={Histograms of oriented gradients for human detection},
  author={Dalal, Navneet and Triggs, Bill},
  booktitle={Computer Vision and Pattern Recognition, 2005. CVPR 2005. IEEE Computer Society Conference on},
  volume={1},
  pages={886--893},
  year={2005},
  organization={IEEE}
}

@inproceedings{krizhevsky2012imagenet,
  title={Imagenet classification with deep convolutional neural networks},
  author={Krizhevsky, Alex and Sutskever, Ilya and Hinton, Geoffrey E},
  booktitle={Advances in neural information processing systems},
  pages={1097--1105},
  year={2012}
}

@inproceedings{taigman2014deepface,
  title={Deepface: Closing the gap to human-level performance in face verification},
  author={Taigman, Yaniv and Yang, Ming and Ranzato, Marc'Aurelio and Wolf, Lior},
  booktitle={Proceedings of the IEEE Conference on Computer Vision and Pattern Recognition},
  pages={1701--1708},
  year={2014}
}

@inproceedings{lee2009convolutional,
  title={Convolutional deep belief networks for scalable unsupervised learning of hierarchical representations},
  author={Lee, Honglak and Grosse, Roger and Ranganath, Rajesh and Ng, Andrew Y},
  booktitle={Proceedings of the 26th Annual International Conference on Machine Learning},
  pages={609--616},
  year={2009},
  organization={ACM}
}

@article{lecun1989backpropagation,
  title={Backpropagation applied to handwritten zip code recognition},
  author={LeCun, Yann and Boser, Bernhard and Denker, John S and Henderson, Donnie and Howard, Richard E and Hubbard, Wayne and Jackel, Lawrence D},
  journal={Neural computation},
  volume={1},
  number={4},
  pages={541--551},
  year={1989},
  publisher={MIT Press}
}

@inproceedings{razavian2014cnn,
  title={CNN features off-the-shelf: an astounding baseline for recognition},
  author={Razavian, Ali and Azizpour, Hossein and Sullivan, Josephine and Carlsson, Stefan},
  booktitle={Proceedings of the IEEE Conference on Computer Vision and Pattern Recognition Workshops},
  pages={806--813},
  year={2014}
}



@inproceedings{csurka2004visual,
  title={Visual categorization with bags of keypoints},
  author={Csurka, Gabriella and Dance, Christopher and Fan, Lixin and Willamowski, Jutta and Bray, C{\'e}dric},
  booktitle={Workshop on statistical learning in computer vision, ECCV},
  volume={1},
  number={1-22},
  pages={1--2},
  year={2004},
  organization={Prague}
}

@inproceedings{perronnin2007fisher,
  title={Fisher kernels on visual vocabularies for image categorization},
  author={Perronnin, Florent and Dance, Christopher},
  booktitle={Computer Vision and Pattern Recognition, 2007. CVPR'07. IEEE Conference on},
  pages={1--8},
  year={2007},
  organization={IEEE}
}

@inproceedings{jegou2010vlad,
  title={Aggregating local descriptors into a compact image representation},
  author={J{\'e}gou, Herv{\'e} and Douze, Matthijs and Schmid, Cordelia and P{\'e}rez, Patrick},
  booktitle={Computer Vision and Pattern Recognition (CVPR), 2010 IEEE Conference on},
  pages={3304--3311},
  year={2010},
  organization={IEEE}
}



@inproceedings{lazebnik2006beyond,
  title={Beyond bags of features: Spatial pyramid matching for recognizing natural scene categories},
  author={Lazebnik, Svetlana and Schmid, Cordelia and Ponce, Jean},
  booktitle={Computer Vision and Pattern Recognition, 2006 IEEE Computer Society Conference on},
  volume={2},
  pages={2169--2178},
  year={2006},
  organization={IEEE}
}

@misc{ wiki:sift,
  author = "Wikipedia",
  title = "Scale-invariant feature transform --- Wikipedia{,} The Free Encyclopedia",
  year = "2016",
  url = "https://en.wikipedia.org/w/index.php?title=Scale-invariant_feature_transform&oldid=709863409",
  note = "[Online; accessed 18-April-2016]"
}

@book{mayer2013bigdata,
  title={Big data: A revolution that will transform how we live, work, and think},
  author={Mayer-Sch{\"o}nberger, Viktor and Cukier, Kenneth},
  year={2013},
  publisher={Houghton Mifflin Harcourt}
}

@article{bigdatadefinition,
  title={A formal definition of Big Data based on its essential features},
  author={De Mauro, Andrea and Greco, Marco and Grimaldi, Michele},
  journal={Library Review},
  volume={65},
  number={3},
  pages={122--135},
  year={2016},
  publisher={Emerald Group Publishing Limited}
}

@inproceedings{gfs2003,
  title={The Google file system},
  author={Ghemawat, Sanjay and Gobioff, Howard and Leung, Shun-Tak},
  booktitle={ACM SIGOPS operating systems review},
  volume={37},
  number={5},
  pages={29--43},
  year={2003},
  organization={ACM}
}

@article{dean2008mapreduce,
  title={MapReduce: simplified data processing on large clusters},
  author={Dean, Jeffrey and Ghemawat, Sanjay},
  journal={Communications of the ACM},
  volume={51},
  number={1},
  pages={107--113},
  year={2008},
  publisher={ACM}
}

@misc{ wiki:hadoop,
  author = "Wikipedia",
  title = "Apache Hadoop --- Wikipedia{,} The Free Encyclopedia",
  year = "2016",
  url = "https://en.wikipedia.org/w/index.php?title=Apache_Hadoop&oldid=716157593",
  note = "[Online; accessed 25-April-2016]"
}

@misc{ wiki:spark,
  author = "Wikipedia",
  title = "Apache Spark --- Wikipedia{,} The Free Encyclopedia",
  year = "2016",
  url = "https://en.wikipedia.org/w/index.php?title=Apache_Spark&oldid=715823266",
  note = "[Online; accessed 25-April-2016]"
}

@article{mell2011nist,
  title={The NIST definition of cloud computing},
  author={Mell, Peter and Grance, Tim},
  year={2011},
  publisher={Computer Security Division, Information Technology Laboratory, National Institute of Standards and Technology Gaithersburg}
}


@misc{ wiki:s3,
  author = "Wikipedia",
  title = "Amazon S3 --- Wikipedia{,} The Free Encyclopedia",
  year = "2016",
  url = "https://en.wikipedia.org/w/index.php?title=Amazon_S3&oldid=716552966",
  note = "[Online; accessed 26-April-2016]"
}

@misc{ stackalytics_mitaka_loc,
  author = "OpenStack Foundation",
  title = "OpenStack community contribution in Mitaka release by LoC",
  year = "2016",
  url = "http://stackalytics.com/?release=mitaka&metric=loc",
  note = "[Online; accessed 12-April-2016]"
}

@misc{ cern_user_story,
  author = "Tim Bell",
  title = "OpenStack User Story - CERN Uses OpenStack",
  url = "https://www.openstack.org/user-stories/cern/",
  note = "[Online; accessed 14-April-2016]"
}
@misc{ puppet_docs,
  author = "PuppetLabs",
  title = "Puppet Documentation",
  url = "https://docs.puppet.com",
  note = "[Online; accessed 14-April-2016]"
}

@incollection{cloudcv2015,
  title={CloudCV: Large-Scale Distributed Computer Vision as a Cloud Service},
  author={Agrawal, Harsh and Mathialagan, Clint Solomon and Goyal, Yash and Chavali, Neelima and Banik, Prakriti and Mohapatra, Akrit and Osman, Ahmed and Batra, Dhruv},
  booktitle={Mobile Cloud Visual Media Computing},
  pages={265--290},
  year={2015},
  publisher={Springer}
}


@inproceedings{googlenet2015,
  title={Going deeper with convolutions},
  author={Szegedy, Christian and Liu, Wei and Jia, Yangqing and Sermanet, Pierre and Reed, Scott and Anguelov, Dragomir and Erhan, Dumitru and Vanhoucke, Vincent and Rabinovich, Andrew},
  booktitle={Proceedings of the IEEE Conference on Computer Vision and Pattern Recognition},
  pages={1--9},
  year={2015}
}

@article{google2015rethinking,
  title={Rethinking the Inception Architecture for Computer Vision},
  author={Szegedy, Christian and Vanhoucke, Vincent and Ioffe, Sergey and Shlens, Jonathon and Wojna, Zbigniew},
  journal={arXiv preprint arXiv:1512.00567},
  year={2015}
}

@article{baidup2015deepgpu,
  title={Deep image: Scaling up image recognition},
  author={Wu, Ren and Yan, Shengen and Shan, Yi and Dang, Qingqing and Sun, Gang},
  journal={arXiv preprint arXiv:1501.02876},
  volume={22},
  pages={388},
  year={2015}
}

@misc{ spark-programming-guide,
  author = "Apache Foundation",
  title = "Spark Programming Guide",
  url = "http://spark.apache.org/docs/latest/programming-guide.html",
  note = "[Online; accessed 18-April-2016]"
}
